@book{book,
        author = {Hopcroft, John E. and Ullman, Jeffrey D.},
        title = {Introduction to automata theory, languages, and computation},
        publisher = {Addison-Wesley},
        year = {1979},
        address = {Philippines},
        isbn = {0-201-02988-X},        
    }