@book{handbook,
        editor = {Rozenberg, Grzegorz and Salomaa, Arto},
        title = {Handbook of Formal Languages},
        subtitle = {Volume 1. Word, Language, Grammar},
        pages = {873},        
        publisher = {Springer-Verlag},
        year = {1997},
        address = {Berlin, Heidelberg},
        isbn = {978-3-642-63863-3},
        edition = {1},
    }

@Manual{filter,
  author = {{Libpcap manual pages}},
  title = {{Man page of pcap-filter}},
  howpublished = {[online]},
  year = {rev. 2022},
  note = {[vid. 2022-03-22]},
  url = {https://www.tcpdump.org/manpages/pcap-filter.7.html},
}

@Misc{ipVersion,
  author = {{user15829861}},
  title = {{IP address of packet}},
  howpublished = {[online]},
  month = {rev. květen},
  year = {2021},
  note = {[vid. 2022-03-22]},
  url = {https://stackoverflow.com/questions/21222369/getting-ip-address-of-a-packet-in-pcap-file},
}

@Misc{ipv6ExtendedHeader,
  author = {Tony Yuan},
  title = {{IPv6 extended header calculation}},
  howpublished = {[online]},
  month = {rev. srpen},
  year = {2015},
  note = {[vid. 2022-03-22]},
  url = {https://github.com/yuan901202/vuw_nwen302_ethernet_packet_sniffer/blob/master/eps.c},
}

@Misc{printData,
  author = {Silver Moon},
  title = {{Print data function}},
  howpublished = {[online]},
  month = {rev. červenec},
  year = {2020}, 
  note = {[vid. 2022-03-22]},
  url = {https://www.binarytides.com/packet-sniffer-code-c-libpcap-linux-sockets/},
}

@Misc{wireshark,
  author = {{Wireshark komunita}},
  title = {{Wireshark}},
  howpublished = {[online]},
  year = {rev. 2022}, 
  note = {[vid. 2022-03-22]},
  url = {https://www.wireshark.org/},
}

@Misc{prednaskaIPv6,
	author = {Vladimír Veselý},
	title = {{IPv6 Síťová vrstva}},
	organization = {Vysoké učení technické v Brně
	Fakulta informačních technologií},
	howpublished = {Univerzitní přednáška},
	year = {2022},
}

@Misc{timestamp,
  author = {Frank Denis},
  title = {{Timestamp}},
  howpublished = {[online]},
  year = {rev. 2017},
  note = {[vid. 2022-03-22]},
  url = {https://gist.github.com/jedisct1/b7812ae9b4850e0053a21c922ed3e9dc},
}

@Misc{rfc3339,
  author = {{Klyne G., Newman C.}},
  title = {{RFC3339}},
  howpublished = {[online]},
  month = {rev. červenec},
  year = {2002}, 
  note = {[vid. 2022-03-22]},
  url = {https://datatracker.ietf.org/doc/html/rfc3339},
}

@Misc{createPcapHandler,
  author = {Vic Hargrave},
  title = {{Create pcap handle}},
  howpublished = {[online]},
  month = {rev. prosinec},
  year = {2012},
  note = {[vid. 2022-03-22]},
  url = {https://vichargrave.github.io/programming/develop-a-packet-sniffer-with-libpcap/},
}

@Misc{promiscuousMode,
  author = {Rahul Awati},
  title = {{Promiscuous mode}},
  howpublished = {[online]},
  month = {rev. září},
  year = {2021},
  note = {[vid. 2022-03-22]},
  url = {https://www.techtarget.com/searchsecurity/definition/promiscuous-mode},
}

@Manual{libpcapManualPages,
  author = {{Libpcap manual pages authors}},
  title = {{Libpcap manual pages}},
  howpublished = {[online]},
  year = {rev. 2022},
  note = {[vid. 2022-03-23]},
  url = {https://www.tcpdump.org/manpages/},
}

@Manual{getopt,
  author = {{Linux manual pages authors}},
  title = {{Linux manual pages}},
  howpublished = {[online]},
  year = {rev. 2021},
  note = {[vid. 2022-03-23]},
  url = {https://man7.org/linux/man-pages/man3/getopt.3.html},
}

@Misc{firefox,
  author = {{Firefox developers}},
  title = {{Firefox Browser}},
  howpublished = {[online]},
  year = {rev. 2022},
  note = {[vid. 2022-03-23]},
  url = {https://www.mozilla.org/cs/firefox/},
}

@Manual{googleDns,
  author = {{Google Public DNS manual pages authors}},
  title = {{Google Public DNS}},
  howpublished = {[online]},
  year = {rev. 2020},
  note = {[vid. 2022-03-23]},
  url = {https://developers.google.com/speed/public-dns/docs/using},
}

@Misc{arping,
  author = {Vivek Gite},
  title = {{How to send ARP request}},
  howpublished = {[online]},
  month = {rev. prosinec},
  year = {2010},
  note = {[vid. 2022-03-23]},
  url = {https://www.cyberciti.biz/faq/linux-networking-sending-gratuitous-arps/},
}

@Misc{udp,
  author = {{Afterthought Software}},
  title = {{An easy way to send UDP packet}},
  howpublished = {[online]},
  month = {rev. květen},
  year = {2015},
  note = {[vid. 2022-03-23]},
  url = {https://afterthoughtsoftware.com/posts/an-easy-way-to-send-udp-packets-in-linux},
}

@Misc{curl,
  author = {{Curl developers}},
  title = {{Curl - command line tool and library}},
  howpublished = {[online]},
  month = {rev. březen},
  year = {2022},
  note = {[vid. 2022-03-23]},
  url = {https://curl.se/},
}

@Misc{netflowWikipedia,
  author = {{Wikipedia komunita}},
  title = {{NetFlow}},
  howpublished = {[online]},
  month = {rev. říjen},
  year = {2022},
  note = {[vid. 2022-11-10]},
  url = {https://en.wikipedia.org/wiki/NetFlow},
}

@Misc{netflowProgressFlowmon,
  author = {{Progress Software Corporation}},
  title = {{IPFIX and NetFlow Monitoring}},
  howpublished = {[online]},
  note = {[vid. 2022-11-10]},
  url = {https://www.flowmon.com/en/solutions/network-and-cloud-operations/netflow-ipfix},
}

@Misc{netflowBasics,
  author = {{Steve Petryschuk}},
  title = {{NetFlow Basics: An Introduction to Monitoring Network Traffic}},
  howpublished = {[online]},
  month = {rev. březen},
  year = {2019},
  note = {[vid. 2022-11-10]},
  url = {https://www.auvik.com/franklyit/blog/netflow-basics/},
}

@Manual{pcapopenoffline,
  author = {{The Tcpdump Group}},
  title = {{pcap\_open\_offline(3PCAP) man page}},
  howpublished = {[online]},
  month = {rev. srpen},
  year = {2018},
  note = {[vid. 2022-10-20]},
  url = {https://www.tcpdump.org/manpages/pcap_open_offline.3pcap.html},
}

@Manual{pcapnextex,
  author = {{The Tcpdump Group}},
  title = {{pcap\_next\_ex(3PCAP) man page}},
  howpublished = {[online]},
  month = {rev. březen},
  year = {2022},
  note = {[vid. 2022-10-22]},
  url = {https://www.tcpdump.org/manpages/pcap_next_ex.3pcap.html},
}

@Misc{echoudpclient2,
	author = {{Matoušek Petr, doc. Ing., Ph.D., M.A.}},
	title = {{echo-udp-client2.c}},
	organization = {Vysoké učení technické v Brně
	Fakulta informačních technologií},
	howpublished = {Sdílené soubory pro kurz ISA na VUT FIT},
	year = {2022},
}

@Manual{gethostbyname,
  author = {{Linux manual pages authors}},
  title = {{Linux manual pages}},
  howpublished = {[online]},
  month = {rev. březen},
  year = {2021},
  note = {[vid. 2022-10-25]},
  url = {https://man7.org/linux/man-pages/man3/gethostbyname.3.html},
}

@Manual{socket,
  author = {{Linux manual pages authors}},
  title = {{Linux manual pages}},
  howpublished = {[online]},
  month = {rev. březen},
  year = {2021},
  note = {[vid. 2022-10-25]},
  url = {https://man7.org/linux/man-pages/man2/socket.2.html},
}

@Misc{icmpFormula,
  author = {{Damien Miller}},
  title = {{[netflow-tools] Softflowd patches for ICMP type/code and DESTDIR support}},
  howpublished = {[online]},
  month = {rev. březen},
  year = {2006},
  note = {[vid. 2022-11-10]},
  url = {{https://marc.info/?l=netflow-tools&m=139653872523808&w=2}},
}

@Misc{argRanges,
  author = {{Cisco}},
  title = {{NetFlow Commands: cache through top}},
  howpublished = {[online]},
  note = {[vid. 2022-10-2]},
  url = {{https://www.cisco.com/en/US/docs/ios/12_3t/netflow/command/reference/nfl_a1gt_ps5207_TSD_Products_Command_Reference_Chapter.html}},
}

@Misc{bstWikipedia,
  author = {{Wikipedia komunita}},
  title = {{Binary search tree}},
  howpublished = {[online]},
  month = {rev. říjen},
  year = {2022},
  note = {[vid. 2022-11-1]},
  url = {https://en.wikipedia.org/wiki/Binary_search_tree},
}

@Misc{headerRecord,
  author = {{Cisco}},
  title = {{NetFlow Export Datagram Format}},
  howpublished = {[online]},
  month = {rev. září},
  year = {2007},
  note = {[vid. 2022-10-15]},
  url = {https://www.cisco.com/c/en/us/td/docs/net_mgmt/netflow_collection_engine/3-6/user/guide/format.html#wp1006108},
}

@Misc{tcpdump,
  author = {{The Tcpdump Group}},
  title = {{TCPDUMP \& LIBPCAP}},
  howpublished = {[online]},
  note = {[vid. 2022-10-12]},
  url = {https://www.tcpdump.org/},
}

@Misc{softflowd,
  author = {{Damien Miller, Hitoshi Irino (current maintainer)}},
  title = {{softflowd — Traffic flow monitoring}},
  howpublished = {[online]},
  note = {[vid. 2022-10-15]},
  url = {https://manpages.ubuntu.com/manpages/jammy/man8/softflowd.8.html},
}

@Misc{nProbe,
  author = {{ntop}},
  title = {{nProbe}},
  howpublished = {[online]},
  note = {[vid. 2022-10-17]},
  url = {https://www.ntop.org/products/netflow/nprobe/},
}

@Misc{nfpcapd,
  author = {{Peter Haag}},
  title = {{nfdump}},
  howpublished = {[online]},
  note = {[vid. 2022-10-18]},
  url = {https://github.com/phaag/nfdump/tree/c45be96a9938a183f4f34a744fbee789573a8bee},
}

@Misc{nfdump,
  author = {{Peter Haag}},
  title = {{nfdump}},
  howpublished = {[online]},
  note = {[vid. 2022-10-17]},
  url = {https://github.com/phaag/nfdump/tree/c45be96a9938a183f4f34a744fbee789573a8bee},
}

@Misc{nfcapd,
  author = {{Peter Haag}},
  title = {{nfcapd - netflow capture daemon}},
  howpublished = {[online]},
  note = {[vid. 2022-10-17]},
  url = {https://manpages.ubuntu.com/manpages/jammy/man1/nfcapd.1.html},
}

@Misc{netstat,
  author = {{Fred Baumgarten}},
  title = {{netstat(8) - Linux man page}},
  howpublished = {[online]},
  note = {[vid. 2022-10-17]},
  url = {https://linux.die.net/man/8/netstat},
}

@Misc{ps,
  author = {{Branko Lankester, Michael K. Johnson, Michael Shields, Charles Blake, David Mossberger-Tang, Albert Cahalan}},
  title = {{ps(1) — Linux manual page}},
  howpublished = {[online]},
  note = {[vid. 2022-10-17]},
  url = {https://man7.org/linux/man-pages/man1/ps.1.html},
}

@Misc{isa,
	author = {{Matoušek Petr, doc. Ing., Ph.D., M.A.}},
	title = {{Síťové aplikace a správa sítí}},
	organization = {Vysoké učení technické v Brně
	Fakulta informačních technologií},
	howpublished = {Univerzitní kurz},
	year = {2022},
}



	title = {{echo-udp-client2.c}},
	organization = {Vysoké učení technické v Brně
	Fakulta informačních technologií},
	howpublished = {Sdílené soubory pro kurz ISA na VUT FIT},
	year = {2022},